@online{Cloudera,
  author = {Cloudera, Inc., Apache Software Foundation},
  title = {{Cloudera} Official Website},
  year = 2019,
  url = {https://it.cloudera.com/},
}
@online{Apache,
  author = {The Apache Software Foundation},
  title = {{Apache\texttrademark\ Hadoop\textregistered} Official Website},
  year = 2019,
  url = {http://hadoop.apache.org/},
}

@online{Gutenberg,
  author = {Michael Hart},
  title = {{Free eBooks - Project Gutenberg} Official Website},
  year = 2019,
  url = {https://www.gutenberg.org/},
}
